<record><leader>00000cas a22000007a 4500</leader><controlfield tag="001">27776495</controlfield><controlfield tag="008">930322d1873187uohuwr ne      0    0eng d</controlfield><datafield ind1=" " ind2=" " tag="010"><subfield code="a">sn 93059245 </subfield></datafield><datafield ind1=" " ind2=" " tag="040"><subfield code="a">MGN</subfield><subfield code="b">eng</subfield><subfield code="c">MGN</subfield><subfield code="d">OCLCQ</subfield></datafield><datafield ind1=" " ind2=" " tag="042"><subfield code="a">msc</subfield></datafield><datafield ind1="0" ind2=" " tag="130"><subfield code="a">Earth (Caldwell, Ohio)</subfield></datafield><datafield ind1="1" ind2="4" tag="245"><subfield code="a">The earth.</subfield></datafield><datafield ind1=" " ind2=" " tag="260"><subfield code="a">Caldwell, Ohio :</subfield><subfield code="b">J.W. Barnes</subfield></datafield><datafield ind1=" " ind2=" " tag="300"><subfield code="a">v.</subfield></datafield><datafield ind1=" " ind2=" " tag="310"><subfield code="a">Weekly (for the campaign)</subfield></datafield><datafield ind1=" " ind2=" " tag="500"><subfield code="a">Campaign paper for the Republican ticket.</subfield></datafield><datafield ind1=" " ind2=" " tag="588"><subfield code="a">Description based on: Vol. 1, no. 6 (Oct. 3, 1873).</subfield></datafield><datafield ind1=" " ind2=" " tag="752"><subfield code="a">United States</subfield><subfield code="b">Ohio</subfield><subfield code="c">Noble</subfield><subfield code="d">Caldwell.</subfield></datafield></record>